@inproceedings{re-bip,
  author    = {Hadil Charafeddine and
               Khalil El{-}Harake and
               Yli{\`{e}}s Falcone and
               Mohamad Jaber},
  title     = {Runtime Enforcement for Component-Based Systems},
  booktitle = {{SAC} 2015: Proceedings of the 30th ACM/SIGAPP Symposium On Applied Computing},
  pages     = {},
  year      = {2015},
  note = {To appear. Pre-print available online}
}